<collection xmlns="http://www.loc.gov/MARC21/slim">
<record>
  <leader>00758nam0a22001691i 450 </leader>
  <controlfield tag="001">IT\ICCU\CNCE\063334</controlfield>
  <controlfield tag="005">20100304000000.0</controlfield>
  <datafield tag="100" ind1=" " ind2=" ">
    <subfield code="a">20051223f15011600    0itac0103    ba</subfield>
  </datafield>
  <datafield tag="101" ind1=" " ind2=" ">
    <subfield code="a">ITA</subfield>
  </datafield>
  <datafield tag="102" ind1=" " ind2=" ">
    <subfield code="a">IT</subfield>
  </datafield>
  <datafield tag="200" ind1="1" ind2=" ">
    <subfield code="a">Historia de tutte le guerre fatte contra Venetiani ei fatti darme de lombardia e barzaneti de tutte le uitorie de la catolicha maista de re di Spagna e del beatissimo papa Iulio e la liga de fata al presente de la granda armada de Spagna e de li exercitie di capitani e quelli che gouernatori</subfield>
  </datafield>
  <datafield tag="210" ind1=" " ind2=" ">
    <subfield code="d">\15..!</subfield>
  </datafield>
  <datafield tag="215" ind1=" " ind2=" ">
    <subfield code="a">\4! c.</subfield>
    <subfield code="d">4ʻ</subfield>
  </datafield>
  <datafield tag="300" ind1=" " ind2=" ">
    <subfield code="a">Per l&apos;autore e la data cfr.: Guerre in ottava rima, v. 1, n. 84</subfield>
  </datafield>
  <datafield tag="700" ind1=" " ind2="1">
    <subfield code="a">Sorci,</subfield>
    <subfield code="b">Giacomo : de</subfield>
    <subfield code="3">IT\ICCU\CNCA\025958</subfield>
  </datafield>
  <datafield tag="712" ind1="0" ind2="2">
    <subfield code="a">s.n.</subfield>
    <subfield code="3">IT\ICCU\CNCT\000002</subfield>
    <subfield code="4">650</subfield>
  </datafield>
  <datafield tag="801" ind1=" " ind2="3">
    <subfield code="a">IT</subfield>
    <subfield code="b">ICCU</subfield>
    <subfield code="c">20201115</subfield>
  </datafield>
</record>
</collection>
